@inproceedings{elwakil:padtad10,
 author = {Elwakil, Mohamed and Yang, Zijiang},
 title = {Debugging Support Tool for MCAPI Applications},
 booktitle = {PADTAD '10: Proceedings of the 8th Workshop on Parallel and Distributed Systems},
 year = {2010},
 location = {Trento, Italy},
 annote = "\input{elwakil:padtad10}",
 }

@inproceedings{sharma:fmcad09,
  author = 	 {Sharma, Subodh and Gopalakrishanan, Ganesh and Mercer, Eric and Holt, Jim},
  title = 	 {MCC - A runtime verification tool for MCAPI user applications},
  booktitle =  {FMCAD},
  year = 	 {2009},
  annote = "\input{sharma:fmcad09}",
}

@inproceedings{wang:fse09,
 author = {Wang, Chao and Chaudhuri, Swarat and Gupta, Aarti and Yang, Yu},
 title = {Symbolic pruning of concurrent program executions},
 booktitle = {ESEC/FSE},
 year = {2009},
 isbn = {978-1-60558-001-2},
 pages = {23--32},
 location = {Amsterdam, The Netherlands},
 doi = {http://doi.acm.org/10.1145/1595696.1595702},
 publisher = {ACM},
 address = {New York, NY, USA},
 annote = "\input{wang:fse09}"
 }

@inproceedings{elwakil:atva10,
 author = {Elwakil, Mohamed and Yang, Zijiang},
 title =  {{C}{R}{I}: Symbolic Debugger for MCAPI Applications},
 booktitle = {Automated Technology for Verification and Analysis},
 year = {2010},
 location = {Singapore}
}
